<record><leader>00000cas a22000007a 4500</leader><controlfield tag="001">31482614</controlfield><controlfield tag="008">941118d185918uukyudr ne      0    0eng d</controlfield><datafield ind1=" " ind2=" " tag="010"><subfield code="a">sn 94055659 </subfield></datafield><datafield ind1=" " ind2=" " tag="040"><subfield code="a">MGN</subfield><subfield code="b">eng</subfield><subfield code="c">MGN</subfield><subfield code="d">OCLCQ</subfield></datafield><datafield ind1=" " ind2=" " tag="042"><subfield code="a">msc</subfield></datafield><datafield ind1="0" ind2=" " tag="130"><subfield code="a">Daily evening leader (Newport, Ky.)</subfield></datafield><datafield ind1="1" ind2="0" tag="245"><subfield code="a">Daily evening leader.</subfield></datafield><datafield ind1="1" ind2="3" tag="246"><subfield code="a">Daily leader</subfield></datafield><datafield ind1="1" ind2="3" tag="246"><subfield code="a">Evening leader</subfield></datafield><datafield ind1=" " ind2=" " tag="260"><subfield code="a">Newport, Ky. :</subfield><subfield code="b">Wm. S. Bailey</subfield></datafield><datafield ind1=" " ind2=" " tag="300"><subfield code="a">v.</subfield></datafield><datafield ind1=" " ind2=" " tag="310"><subfield code="a">Daily</subfield></datafield><datafield ind1="1" ind2=" " tag="362"><subfield code="a">Began in 1859?</subfield></datafield><datafield ind1=" " ind2=" " tag="500"><subfield code="a">"Devoted to the business interests of Newport and Covington."</subfield></datafield><datafield ind1=" " ind2=" " tag="588"><subfield code="a">Description based on: Vol. 8, no. 179 (Aug. 10, 1866).</subfield></datafield><datafield ind1=" " ind2=" " tag="752"><subfield code="a">United States</subfield><subfield code="b">Kentucky</subfield><subfield code="c">Campbell</subfield><subfield code="d">Newport.</subfield></datafield><datafield ind1=" " ind2=" " tag="752"><subfield code="a">United States</subfield><subfield code="b">Kentucky</subfield><subfield code="c">Kenton</subfield><subfield code="d">Covington.</subfield></datafield><datafield ind1="1" ind2=" " tag="029"><subfield code="a">AU@</subfield><subfield code="b">000011357946</subfield></datafield></record>